<?xml version="1.0" encoding="UTF-8"?>
<marc:collection xmlns="http://www.loc.gov/MARC21/slim" xmlns:marc="http://www.loc.gov/MARC21/slim" xmlns:xsi="http://www.w3.org/2001/XMLSchema-instance" xsi:schemaLocation="http://www.loc.gov/standards/marcxml/schema/MARC21slim.xsd">
  <record>
    <leader>00000npc a2200000 u 4500</leader>
    <datafield ind1=" " ind2=" " tag="040">
      <subfield code="a">DWP</subfield>
      <subfield code="c">DWP</subfield>
      <subfield code="e">dacs</subfield>
    </datafield>
    <datafield ind1="0" ind2="0" tag="245">
      <subfield code="a">HD Woodson and Metropolitan AME Church Collection</subfield>
    </datafield>
    <datafield ind1=" " ind2=" " tag="300">
      <subfield code="a">0.5 linear feet; 1 box</subfield>
    </datafield>
    <datafield ind1=" " ind2=" " tag="099">
      <subfield code="a">093</subfield>
    </datafield>
    <datafield ind1="8" ind2=" " tag="555">
      <subfield code="a">Finding aid online:</subfield>
      <subfield code="u">http://washingtoniana.dclibrary.org</subfield>
    </datafield>
    <datafield ind1="4" ind2="2" tag="856">
      <subfield code="z">Finding aid online:</subfield>
      <subfield code="u">http://washingtoniana.dclibrary.org</subfield>
    </datafield>
    <datafield ind1=" " ind2=" " tag="546">
      <subfield code="a">English</subfield>
    </datafield>
    <datafield ind1="1" ind2=" " tag="545">
      <subfield code="a">The collection consists of annual programs, the constitution and by-laws of the club, the history of the club, and correspondence.</subfield>
    </datafield>
    <datafield ind1="1" ind2=" " tag="561">
      <subfield code="a">The materials in this collection were found by the resident of 18 Quincy Place, NE.  This was the home of H. D. Woodson from 1909 to 1913.</subfield>
    </datafield>
    <datafield ind1="2" ind2=" " tag="520">
      <subfield code="a">This collection consists of materials found in the former home of Mr. Howard D. Woodson.  They consist of personal materials from his time in Pittsburgh, Pennsylvania and materials from his time as superintendent of Sunday school at the Metropolitan A. M. E. Church in Washington, DC.  Materials include, a commencement program, a tax levy, class lists, treasurer reports, monthly reports, annual reports, teaching aides, construction quotes and contracts, invoices, and speeches.  The materials are arranged in alphabetical order by title or subject.  </subfield>
    </datafield>
  </record>
</marc:collection>

